<?xml version="1.0" encoding="UTF-8"?><collection xmlns="http://www.loc.gov/MARC21/slim"><record><leader>00441nam--2200157-i-4500</leader><controlfield tag="001">000042863</controlfield><controlfield tag="002">20161230</controlfield><controlfield tag="005">20170126224127</controlfield><controlfield tag="008">060222s1000------------r-----000-0-eng-d</controlfield><datafield ind1=" " ind2=" " tag="080"><subfield code="a">512.1:512.8:513.0:517.2:517.3</subfield></datafield><datafield ind1=" " ind2=" " tag="100"><subfield code="a">Stephenson, Geoffrey</subfield></datafield><datafield ind1=" " ind2=" " tag="245"><subfield code="a">Inequalities and optimal problems in mathematics and the sciences</subfield></datafield><datafield ind1=" " ind2=" " tag="260"><subfield code="a">London</subfield><subfield code="b">Lohgman</subfield><subfield code="c">1971</subfield></datafield><datafield ind1=" " ind2=" " tag="300"><subfield code="a">VIII + 166 p</subfield></datafield><datafield ind1=" " ind2=" " tag="852"><subfield code="a">36495</subfield></datafield><datafield ind1=" " ind2=" " tag="CAT"><subfield code="a">SYS</subfield><subfield code="c">20170126</subfield><subfield code="h">224127</subfield></datafield></record></collection>